% Some examples of references used in bibtex

@INBOOK{minsky67b,
    AUTHOR = "M. Minsky",
    TITLE = "Computation:  Finite and Infinite Machines",
    CHAPTER = "3",
    PAGES = "",
    PUBLISHER = "Prentice-Hall, Inc.",
    YEAR = "1967",
    ADDRESS = "Englewood Cliffs, NJ"}
 
@BOOK{minsky69b,
    AUTHOR = "M. L Minsky and S. A. Papert",
    TITLE = "Perceptrons",
    PUBLISHER = "MIT Press",
    YEAR = "1969",
    ADDRESS = "Cambridge, MA"}

% This paper is a general reference for first-order vs. second-order
% comparisons. 
@ARTICLE{siegelmann91j,
    AUTHOR = "H. T. Siegelmann and E. D. Sontag",
    TITLE = "Turing Compatability with Neural Nets",
    JOURNAL = "Applied Mathematics Letters",
    YEAR = "1991",
    VOLUME = "4",
    NUMBER = "6",
    PAGES = "77--80"}

@TECHREPORT{omlin94tr3,
    AUTHOR = "C. W. Omlin and C. L. Giles",
    TITLE = "Stable encoding of large finite-state automata in recurrent
	     neural networks with sigmoid discriminants",
    INSTITUTION = "Institute for Advanced
                   Computer Studies, University of Maryland",
    ADDRESS = "College Park, MD 20742",
    NUMBER = "UMIACS-TR-94-101",
    YEAR = "1994"}

@INPROCEEDINGS{giles93p1,
    AUTHOR = "C. L. Giles and C. W. Omlin",
    TITLE = "Rule refinement with recurrent neural networks",
    BOOKTITLE = "Proceedings IEEE International Conference on Neural Networks (ICNN'93)",
    YEAR = "1993",
    VOLUME = "II",
    PAGES = "801--806"}

@ARTICLE{omlin92p4,
    AUTHOR = "C. W. Omlin and  C. L. Giles",
    TITLE = "Adapting the Architecture of Recurrent Neural Networks 
    with Symbolic Guidance", 
    JOURNAL = "in preparation",
    YEAR = "1992"}

@INCOLLECTION{akers90b,
    AUTHOR = "L. A. Akers and D. K. Ferry and R. O. Grondin",
    TITLE = "Synthetic Neural Systems in VLSI",
    BOOKTITLE = "An Introduction to Neural and Electronic Systems",
    EDITORS = "S. F. Zornetzer and J. L. Davis and Lau",
    PUBLISHER = "Academic Press",
    ADDRESS = " San Diego, CA",
    PAGES = "317--336",
    YEAR = "1990"}

@inproceedings{towell92p,
   author       = "G. Towell and J. Shavlik",
   title        = "Using Symbolic Learning to Improve Knowledge-Based
                   Neural Networks",
   booktitle    = "Proceedings of the Tenth National Conference on
                   Artificial Intelligence",
   pages        = "177--182",
   year         = "1992",
   address      = "San Jose, CA"
	}

@article{towell93j,
   author        = "Geoffrey G. Towell and Jude W. Shavlik",
   title         = "The Extraction of Refined Rules from Knowledge-Based
                    Neural Networks",
   journal       = "Machine Learning",
   year          = 1993,
   volume        = 13,
   number        = 1,
   pages         = "71--101"
	}

@article{towellthree93j,
   author        = "Geoffrey G. Towell and Jude W. Shavliki and Third Man",
   title         = "The Extraction of Refined Rules from Knowledge-Based
                    Neural Networks",
   journal       = "Machine Learning",
   year          = 1993,
   volume        = 13,
   number        = 1,
   pages         = "71--101"
	}


@MISC{tino94pc,
    AUTHOR = "P. Tino",
    YEAR = "1994",
    NOTE = "Personal communication"}

@MISC{latexiURL,
    AUTHOR = "{Reg Dodds}",
    YEAR = "2001",
	 title = "Directory of {\LaTeX} resources",
    NOTE = "\textsf{\ http://www.cs.sun.ac.za /\~{}rdodds/}"}

@PHDTHESIS{casey95th,
    AUTHOR = "M. P. Casey",
    TITLE = "Computation in discrete-time dynamical systems",
    SCHOOL = "Department of Mathematics, University of
                   California at San Diego",
    ADDRESS = "La Jolla, CA",
    YEAR = "1995"}

@TECHREPORT{casey94tr,
    AUTHOR = "M. P. Casey",
    TITLE = "How discrete-time recurrent neural networks work",
    INSTITUTION = "Department of Mathematics, University of
	           California at San Diego",
    ADDRESS = "La Jolla, CA",
    YEAR = "1994",
    NOTE = "Preprint"}

@inproceedings{huffman52,
    author    = "David A. Huffman",
    title     = "A Method for the Construction of Minimum-Redundancy Codes",
    booktitle = "Proceedings of the I.R.E.",
    volume    = 40, 
    pages     = "1098--1101",
    year      = 1952}

@article{stix91,
    author    = "Gary Stix",
    title     = "Encoding the neatness of ones and zeroes",
    journal   = "Scientific American",
	 volume    = 265,
    number    = 3,
    pages     = "54, 58",
    year      = 1991}

